
@article{optimaljoint, 
author={Shin-ichi Kuribayashi}, 
title={Optimal Joint Multiple Resource Allocation Method for Cloud Computing Environments},
journal={International Journal of Research and Reviews in Computer Science (IJRRCS)},
volume={2},
number={1},
year={2011}}

@article{oreilly,
author="G.Reese",
title="Cloud Application Architecture", 
year="2009"
}

@misc{eclipse,
title="Eclipse Software",
key={eclipse},
howpublished="\url{http://en.wikipedia.org/wiki/Eclipse_(software)}"
}

@misc{java,
title="Java Programming Language",
key={java},
howpublished="\url{http://en.wikipedia.org/wiki/Java}"
}

@misc{python,
title="Python Programming Language",
key={python},
howpublished="\url{http://en.wikipedia.org/wiki/Python}"
}

@misc{cloudsim,
title="CloudSim Simulation Framework",
key={cloudsim},
howpublished="\url{http://www.cloudbus.org/cloudsim/}"
}

